% Encoding: UTF-8

@Article{sweeney2002k,
  author    = {Latanya Sweeney},
  title     = {k-Anonymity: {A} Model for Protecting Privacy},
  journal   = {International Journal of Uncertainty, Fuzziness and Knowledge-Based Systems},
  year      = {2002},
  volume    = {10},
  number    = {5},
  pages     = {557--570},
  timestamp = {Sun, 02 Jun 2019 21:01:22 +0200},
}

@Article{machanavajjhala2007l,
  author    = {Ashwin Machanavajjhala and Daniel Kifer and Johannes Gehrke and Muthuramakrishnan Venkitasubramaniam},
  title     = {\emph{L}-diversity: Privacy beyond \emph{k}-anonymity},
  journal   = {{TKDD}},
  year      = {2007},
  volume    = {1},
  number    = {1},
  pages     = {3},
  timestamp = {2019-09-24},
}

@InProceedings{li2007t,
  author    = {Ninghui Li and Tiancheng Li and Suresh Venkatasubramanian},
  title     = {t-Closeness: Privacy Beyond k-Anonymity and l-Diversity},
  booktitle = {{ICDE}},
  year      = {2007},
  pages     = {106--115},
  publisher = {{IEEE} Computer Society},
  timestamp = {2019-09-24},
}

@InProceedings{dwork2006differential,
  author    = {Cynthia Dwork},
  title     = {Differential Privacy},
  booktitle = {{ICALP} {(2)}},
  year      = {2006},
  volume    = {4052},
  series    = {Lecture Notes in Computer Science},
  pages     = {1--12},
  publisher = {Springer},
  timestamp = {2019-09-24},
}

@Article{nabeel2014privacy,
  author    = {Mohamed Nabeel and Elisa Bertino},
  title     = {Privacy Preserving Delegated Access Control in Public Clouds},
  journal   = {{IEEE} Trans. Knowl. Data Eng.},
  year      = {2014},
  volume    = {26},
  number    = {9},
  pages     = {2268--2280},
  timestamp = {2019-09-24},
}

@InProceedings{zhang2018privacy,
  author    = {Wenxi Zhang and Hao Li and Min Zhang and Zhiquan Lv},
  title     = {Privacy-Aware Risk-Adaptive Access Control in Health Information Systems using Topic Models},
  booktitle = {{SACMAT}},
  year      = {2018},
  pages     = {61--67},
  publisher = {{ACM}},
  timestamp = {2019-09-24},
}

@Article{huang2015review,
  author    = {黄刘生 and 田苗苗 and 黄河},
  title     = {大数据隐私保护密码技术研究综述},
  journal   = {软件学报},
  year      = {2015},
  volume    = {26},
  number    = {4},
  pages     = {945--959},
  timestamp = {2019-09-24},
}

@InProceedings{diaz2002towards,
  author    = {Claudia D{\'{\i}}az and Stefaan Seys and Joris Claessens and Bart Preneel},
  title     = {Towards Measuring Anonymity},
  booktitle = {Privacy Enhancing Technologies},
  year      = {2002},
  volume    = {2482},
  series    = {Lecture Notes in Computer Science},
  pages     = {54--68},
  publisher = {Springer},
  timestamp = {2019-09-25},
}

@Article{reiter1998crowds,
  author    = {Michael K. Reiter and Aviel D. Rubin},
  title     = {Crowds: Anonymity for Web Transactions},
  journal   = {{ACM} Trans. Inf. Syst. Secur.},
  year      = {1998},
  volume    = {1},
  number    = {1},
  pages     = {66--92},
  timestamp = {2019-09-25},
}

@InProceedings{serjantov2002towards,
  author    = {Andrei Serjantov and George Danezis},
  title     = {Towards an Information Theoretic Metric for Anonymity},
  booktitle = {Privacy Enhancing Technologies},
  year      = {2002},
  volume    = {2482},
  series    = {Lecture Notes in Computer Science},
  pages     = {41--53},
  publisher = {Springer},
  timestamp = {2019-09-25},
}

@InProceedings{pham2009combinatorial,
  author    = {Dang Vinh Pham and Dogan Kesdogan},
  title     = {A Combinatorial Approach for an Anonymity Metric},
  booktitle = {{ACISP}},
  year      = {2009},
  volume    = {5594},
  series    = {Lecture Notes in Computer Science},
  pages     = {26--43},
  publisher = {Springer},
  timestamp = {2019-09-25},
}

@InProceedings{deng2006measuring,
  author    = {Yuxin Deng and Jun Pang and Peng Wu},
  title     = {Measuring Anonymity with Relative Entropy},
  booktitle = {Formal Aspects in Security and Trust},
  year      = {2006},
  volume    = {4691},
  series    = {Lecture Notes in Computer Science},
  pages     = {65--79},
  publisher = {Springer},
  timestamp = {2019-09-25},
}

@InProceedings{edman2007combinatorial,
  author    = {Matthew Edman and Fikret Sivrikaya and B{\"{u}}lent Yener},
  title     = {A Combinatorial Approach to Measuring Anonymity},
  booktitle = {{ISI}},
  year      = {2007},
  pages     = {356--363},
  publisher = {{IEEE}},
  timestamp = {2019-09-25},
}

@Article{edman2009anonymity,
  author     = {Edman, Matthew and Yener, B\"{u}lent},
  title      = {On Anonymity in an Electronic Society: A Survey of Anonymous Communication Systems},
  journal    = {ACM Comput. Surv.},
  year       = {2009},
  volume     = {42},
  number     = {1},
  pages      = {5:1--5:35},
  month      = dec,
  issn       = {0360-0300},
  acmid      = {1592456},
  address    = {New York, NY, USA},
  articleno  = {5},
  issue_date = {December 2009},
  keywords   = {Anonymity, DC-nets, anonymous communication, mix networks, mixes, onion routing, privacy, traffic analysis},
  numpages   = {35},
  publisher  = {ACM},
  timestamp  = {2019-09-25},
}

@InProceedings{niu2014achieving,
  author    = {Ben Niu and Qinghua Li and Xiaoyan Zhu and Guohong Cao and Hui Li},
  title     = {Achieving k-anonymity in privacy-aware location-based services},
  booktitle = {{INFOCOM}},
  year      = {2014},
  pages     = {754--762},
  publisher = {{IEEE}},
  timestamp = {2019-09-25},
}

@InProceedings{campan2008data,
  author    = {Alina Campan and Traian Marius Truta},
  title     = {Data and Structural k-Anonymity in Social Networks},
  booktitle = {PinKDD},
  year      = {2008},
  volume    = {5456},
  series    = {Lecture Notes in Computer Science},
  pages     = {33--54},
  publisher = {Springer},
  timestamp = {2019-09-25},
}

@InProceedings{wong2006k,
  author    = {Raymond Chi{-}Wing Wong and Jiuyong Li and Ada Wai{-}Chee Fu and Ke Wang},
  title     = {($\alpha$, $k$)-anonymity: an enhanced k-anonymity model for privacy preserving data publishing},
  booktitle = {{KDD}},
  year      = {2006},
  pages     = {754--759},
  publisher = {{ACM}},
  timestamp = {2019-09-25},
}

@InProceedings{ying2009comparisons,
  author    = {Xiaowei Ying and Kai Pan and Xintao Wu and Ling Guo},
  title     = {Comparisons of randomization and K-degree anonymization schemes for privacy preserving social network publishing},
  booktitle = {{SNAKDD}},
  year      = {2009},
  pages     = {10},
  publisher = {{ACM}},
}

@Article{lin2009lbs,
  author  = {林欣 and 李善平 and 杨朝晖},
  title   = {LBS中连续查询攻击算法及匿名性度量},
  journal = {软件学报},
  year    = {2009},
  volume  = {20},
  number  = {4},
  pages   = {1058--1068},
}

@Article{poh2017searchable,
  author    = {Geong Sen Poh and Ji{-}Jian Chin and Wei{-}Chuen Yau and Kim{-}Kwang Raymond Choo and Moesfa Soeheila Mohamad},
  title     = {Searchable Symmetric Encryption: Designs and Challenges},
  journal   = {{ACM} Comput. Surv.},
  year      = {2017},
  volume    = {50},
  number    = {3},
  pages     = {40:1--40:37},
  timestamp = {2019-09-26},
}

@Article{edemacu2019privacy,
  author    = {Kennedy Edemacu and Hung Kook Park and Beakcheol Jang and Jong Wook Kim},
  title     = {Privacy Provision in Collaborative Ehealth With Attribute-Based Encryption: Survey, Challenges and Future Directions},
  journal   = {{IEEE} Access},
  year      = {2019},
  volume    = {7},
  pages     = {89614--89636},
  timestamp = {2019-09-26},
}

@Article{boesch2014survey,
  author    = {Christoph B{\"{o}}sch and Pieter H. Hartel and Willem Jonker and Andreas Peter},
  title     = {A Survey of Provably Secure Searchable Encryption},
  journal   = {{ACM} Comput. Surv.},
  year      = {2014},
  volume    = {47},
  number    = {2},
  pages     = {18:1--18:51},
  timestamp = {2019-09-26},
}

@Article{acar2018survey,
  author    = {Abbas Acar and Hidayet Aksu and A. Selcuk Uluagac and Mauro Conti},
  title     = {A Survey on Homomorphic Encryption Schemes: Theory and Implementation},
  journal   = {{ACM} Comput. Surv.},
  year      = {2018},
  volume    = {51},
  number    = {4},
  pages     = {79:1--79:35},
  timestamp = {2019-09-26},
}

@Book{cramer2015secure,
  title     = {Secure Multiparty Computation and Secret Sharing},
  publisher = {Cambridge University Press},
  year      = {2015},
  author    = {Ronald Cramer and Ivan Damg{\aa}rd and Jesper Buus Nielsen},
  timestamp = {2019-09-26},
}

@InProceedings{dugan2016survey,
  author    = {Tamara M. Dugan and Xukai Zou},
  title     = {A Survey of Secure Multiparty Computation Protocols for Privacy Preserving Genetic Tests},
  booktitle = {{CHASE}},
  year      = {2016},
  pages     = {173--182},
  publisher = {{IEEE} Computer Society},
  timestamp = {2019-09-26},
}

@Comment{jabref-meta: databaseType:bibtex;}
